[gd_scene load_steps=8 format=2]

[ext_resource path="res://Assets/ParallaxBackground/Background_Stars.png" type="Texture" id=1]
[ext_resource path="res://Assets/ParallaxBackground/Background_Farbe.png" type="Texture" id=2]
[ext_resource path="res://Assets/FogShader/FogShaderTest.png" type="Texture" id=3]
[ext_resource path="res://Assets/FogShader/MAT_Fog.tres" type="Material" id=4]
[ext_resource path="res://Assets/FogShader/MAT_Fog2.tres" type="Material" id=5]
[ext_resource path="res://Assets/ParallaxBackground/MAT_Stars.tres" type="Material" id=6]
[ext_resource path="res://Assets/FogShader/SpaceFogParallax.gd" type="Script" id=7]

[node name="BackgroundLayer" type="CanvasLayer"]
layer = -128

[node name="BackgroundImage" type="TextureRect" parent="."]
margin_right = 40.0
margin_bottom = 40.0
rect_scale = Vector2( 0.5, 0.5 )
texture = ExtResource( 2 )

[node name="Stars" type="Sprite" parent="."]
material = ExtResource( 6 )
position = Vector2( 256, 144 )
scale = Vector2( 0.5, 0.5 )
texture = ExtResource( 1 )
script = ExtResource( 7 )
referenceObjectPath = NodePath("../../Player/Camera2D")
followObjectAmount = 0.1

[node name="SpaceFog1" type="Sprite" parent="."]
material = ExtResource( 4 )
position = Vector2( 256, 128 )
texture = ExtResource( 3 )
script = ExtResource( 7 )
referenceObjectPath = NodePath("../../Player/Camera2D")
followObjectAmount = 0.6

[node name="SpaceFog2" type="Sprite" parent="."]
material = ExtResource( 5 )
position = Vector2( 256, 128 )
texture = ExtResource( 3 )
script = ExtResource( 7 )
referenceObjectPath = NodePath("../../Player/Camera2D")
followObjectAmount = 0.5
